<?xml version="1.0" encoding="utf-8"?>
<record xmlns="http://www.loc.gov/MARC21/slim" xmlns:xsi="http://www.w3.org/2001/XMLSchema-instance" xsi:schemaLocation="http://www.loc.gov/MARC21/slim http://www.loc.gov/standards/marcxml/schema/MARC21slim.xsd">
	<leader>     nam a22     Mi 4500</leader>
	<controlfield tag="001">b11740553</controlfield>
	<controlfield tag="003">UaCaAUL</controlfield>
	<controlfield tag="006">m        d        </controlfield>
	<controlfield tag="007">cr cn |||m|||a</controlfield>
	<controlfield tag="008">200214s1974    ua      ob   f000 0 ara  </controlfield>
	<datafield ind1=" " ind2=" " tag="040">
		<subfield code="a">ZYU</subfield>
		<subfield code="b">ara</subfield>
		<subfield code="e">rda</subfield>
		<subfield code="c">ZYU</subfield>
	</datafield>
	<datafield ind1=" " ind2="4" tag="050">
		<subfield code="a">PJ6172</subfield>
		<subfield code="b">.M3 1947</subfield>
	</datafield>
	<datafield ind1="1" ind2=" " tag="100">
		<subfield code="6">880-01</subfield>
		<subfield code="a">Maghribī, ʻAbd al-Qādir,</subfield>
		<subfield code="d">1867-1956,</subfield>
		<subfield code="e">author.</subfield>
	</datafield>
	<datafield ind1="1" ind2="0" tag="240">
		<subfield code="6">880-02</subfield>
		<subfield code="a">Ishtiqāq wa-al-taʻrīb</subfield>
	</datafield>
	<datafield ind1="1" ind2="0" tag="245">
		<subfield code="6">880-03</subfield>
		<subfield code="a">Kitāb al-Ishtiqāq wa-al-taʻrīb :</subfield>
		<subfield code="b">yabaḥthu fīmā yuʻraḍ lilughah al-ʻArabīyah min takāthur kalimātihā bi-wāsiṭatay al-ishtiqāq wa-al-taʻrīb. Wa-ann hādhā al-akhīr ṭabīʻī fī lughatinā wa-fī ghayrihā min al-lughāt. Wa-ann istiʻmāl al-muʻarrib lā yaḥuṭṭ min qadr faṣāḥat al-kalām wa-al-istishhād ʻalá dhalik /</subfield>
		<subfield code="c">taʼlīf ʻAbd al-Qādir ibn Muṣṭafá al-Maghribī.</subfield>
	</datafield>
	<datafield ind1="3" ind2=" " tag="246">
		<subfield code="6">880-04</subfield>
		<subfield code="a">Ishtiqāq wa-al-taʻrīb</subfield>
	</datafield>
	<datafield ind1=" " ind2=" " tag="250">
		<subfield code="6">880-05</subfield>
		<subfield code="a">al-Ṭabʻah al-thāniyah.</subfield>
	</datafield>
	<datafield ind1=" " ind2="1" tag="264">
		<subfield code="6">880-06</subfield>
		<subfield code="a">al-Qāhirah :</subfield>
		<subfield code="b">Maṭbaʻat Lajnat al-Taʼlīf wa-al-Tarjamah wa-al-Nashr,</subfield>
		<subfield code="c">1366 H, 1947 M.</subfield>
	</datafield>
	<datafield ind1=" " ind2=" " tag="300">
		<subfield code="a">online resource (7, 150 pages)</subfield>
	</datafield>
	<datafield ind1=" " ind2=" " tag="336">
		<subfield code="a">text</subfield>
		<subfield code="2">rdacontent</subfield>
	</datafield>
	<datafield ind1=" " ind2=" " tag="337">
		<subfield code="a">computer</subfield>
		<subfield code="2">rdamedia</subfield>
	</datafield>
	<datafield ind1=" " ind2=" " tag="338">
		<subfield code="a">online resource</subfield>
		<subfield code="2">rdacarrier</subfield>
	</datafield>
	<datafield ind1=" " ind2=" " tag="500">
		<subfield code="6">880-07</subfield>
		<subfield code="a">At head of title page: Lajnat al-Taʼlīf wa-al-Tarjamah wa-al-Nashr.</subfield>
	</datafield>
	<datafield ind1=" " ind2=" " tag="500">
		<subfield code="a">Includes errata page.</subfield>
	</datafield>
	<datafield ind1=" " ind2=" " tag="500">
		<subfield code="a">Part of the Arabic Collections Online (ACO) project, contributed by American University in Cairo Library.</subfield>
	</datafield>
	<datafield ind1=" " ind2=" " tag="504">
		<subfield code="a">Includes bibliographical references.</subfield>
	</datafield>
	<datafield ind1=" " ind2=" " tag="533">
		<subfield code="a">Electronic reproduction.</subfield>
		<subfield code="b">New York, N.Y. :</subfield>
		<subfield code="c">New York University,</subfield>
		<subfield code="d">2020.</subfield>
		<subfield code="5">NNU</subfield>
	</datafield>
	<datafield ind1=" " ind2="0" tag="650">
		<subfield code="a">Arabic language</subfield>
		<subfield code="x">Etymology.</subfield>
	</datafield>
	<datafield ind1=" " ind2="0" tag="650">
		<subfield code="a">Arabic language</subfield>
		<subfield code="x">Word formation.</subfield>
	</datafield>
	<datafield ind1=" " ind2="7" tag="650">
		<subfield code="a">Arabic language</subfield>
		<subfield code="x">Etymology.</subfield>
		<subfield code="2">fast</subfield>
		<subfield code="0">(OCoLC)fst00812326</subfield>
	</datafield>
	<datafield ind1=" " ind2="7" tag="650">
		<subfield code="a">Arabic language</subfield>
		<subfield code="x">Word formation.</subfield>
		<subfield code="2">fast</subfield>
		<subfield code="0">(OCoLC)fst00812466</subfield>
	</datafield>
	<datafield ind1="2" ind2=" " tag="710">
		<subfield code="6">880-08</subfield>
		<subfield code="a">Lajnat al-Taʼlīf wa-al-Tarjamah wa-al-Nashr (Cairo, Egypt)</subfield>
	</datafield>
	<datafield ind1="2" ind2=" " tag="710">
		<subfield code="a">American University in Cairo.</subfield>
		<subfield code="b">Library.</subfield>
	</datafield>
	<datafield ind1="0" ind2=" " tag="730">
		<subfield code="a">Arabic Collections Online.</subfield>
	</datafield>
	<datafield ind1="0" ind2="8" tag="776">
		<subfield code="i">Print version:</subfield>
		<subfield code="a">Maghribī, ʻAbd al-Qādir, 1867-1956, author.</subfield>
		<subfield code="t">Kitāb al-Ishtiqāq wa-al-taʻrīb</subfield>
		<subfield code="w">(UaCaAUL)b11740553</subfield>
		<subfield code="w">(DLC)  93210040 </subfield>
		<subfield code="w">(OCoLC)44102394</subfield>
	</datafield>
	<datafield ind1="4" ind2="0" tag="856">
		<subfield code="u">http://hdl.handle.net/2333.1/brv15q9z</subfield>
	</datafield>
	<datafield ind1="1" ind2=" " tag="880">
		<subfield code="6">100-01</subfield>
		<subfield code="a">مغربي، عبد القادر،</subfield>
		<subfield code="d">1867-1956.</subfield>
	</datafield>
	<datafield ind1="1" ind2="0" tag="880">
		<subfield code="6">240-02</subfield>
		<subfield code="a">اشتقاق والتعريب</subfield>
	</datafield>
	<datafield ind1="1" ind2="0" tag="880">
		<subfield code="6">245-03</subfield>
		<subfield code="a">كتاب الاشتقاق والتعريب :</subfield>
		<subfield code="b">يبحث فيما يعرض للغة العربية من تكاثر كلماتها بواسطتي الاشتقاق والتعريب. وأن هذه الأخير طبيعي في لغتنا وفي غيرها من اللغات. وأن استعمال المعرب لا يحط من قدر فصاحة الكلام والاستشهاد على ذلك /</subfield>
		<subfield code="c">تأليف عبد القادر بن مصطفى المغربي.</subfield>
	</datafield>
	<datafield ind1="3" ind2=" " tag="880">
		<subfield code="6">246-04</subfield>
		<subfield code="a">اشتقاق والتعريب</subfield>
	</datafield>
	<datafield ind1=" " ind2=" " tag="880">
		<subfield code="6">250-05</subfield>
		<subfield code="a">الطبعة الثانية.</subfield>
	</datafield>
	<datafield ind1=" " ind2="1" tag="880">
		<subfield code="6">264-06</subfield>
		<subfield code="a">القاهرة :</subfield>
		<subfield code="b">مطبعة لجنة التأليف والترجمة والنشر،</subfield>
		<subfield code="c">1366 هـ، 1947 م.</subfield>
	</datafield>
	<datafield ind1=" " ind2=" " tag="880">
		<subfield code="6">500-07</subfield>
		<subfield code="a">At head of title page: لجنة التأليف والترجمة والنشر.</subfield>
	</datafield>
	<datafield ind1="2" ind2=" " tag="880">
		<subfield code="6">710-08</subfield>
		<subfield code="a">لجنة التأليف والترجمة والنشر (Cairo, Egypt)</subfield>
	</datafield>
	<datafield ind1=" " ind2=" " tag="959">
		<subfield code="a">NNU</subfield>
		<subfield code="b">WEB</subfield>
		<subfield code="c">GENI</subfield>
		<subfield code="t">0</subfield>
		<subfield code="m">Electronic access</subfield>
		<subfield code="s">01</subfield>
	</datafield>
	<datafield ind1=" " ind2=" " tag="999">
		<subfield code="i">UaCaAUL_b11740553</subfield>
		<subfield code="o">(OCoLC)ocm44102394</subfield>
		<subfield code="s">auc_aco000930</subfield>
		<subfield code="s">auc_aco000930</subfield>
	</datafield>
</record>
